@misc{vendittelli,
    author = {Vendittelli, M.},
    title = {Ingenuity dynamic model},
    howpublished = {Slides},
    year = {2023},
    note = {\textit{Control problems in robotics - Modeling and control of multi-rotor UAVs}, "La Sapienza" University, Rome}
}
@misc{moretti,
    author = {Moretti, F.},
    title = {Modello dinamico di Ingenuity},
    howpublished = {Research project},
    year = {2022},
    note = {\textit{SSAS}, "La Sapienza" University, Rome}
}

@phdthesis{hua:tel-00460801,
  TITLE = {{Contributions to the automatic control of aerial vehicles}},
  AUTHOR = {Hua, Minh Duc},
  URL = {https://theses.hal.science/tel-00460801},
  SCHOOL = {{Universit{\'e} Nice Sophia Antipolis}},
  YEAR = {2009},
  MONTH = Dec,
  KEYWORDS = {Feedback control ; Attitude estimation ; Underactuated vehicles ; VTOL UAV ; System modeling ; Robustness ; Nonlinear anti-windup integrator ; Commande par retour d'{\'e}tat ; Estimation d'attitude ; V{\'e}hicule sous-actionn{\'e} ; V{\'e}hicule {\`a} d{\'e}collage et atterrissage vertical ; Mod{\'e}lisation ; Robustesse ; Int{\'e}grateur anti-windup nonlin{\'e}aire},
  TYPE = {Theses},
  PDF = {https://theses.hal.science/tel-00460801v2/file/HUA_THESIS.pdf},
  HAL_ID = {tel-00460801},
  HAL_VERSION = {v2},
}

@inproceedings{dzul,
  author={Dzul, A. and Hamel, T. and Lozano, R.},
  booktitle={IEEE International Conference on Systems, Man and Cybernetics}, 
  title={Modeling and nonlinear control for a coaxial helicopter}, 
  year={2002},
  volume={6},
  number={},
  pages={6 pp. vol.6-},
  keywords={Coaxial components;Helicopters;Vehicle dynamics;Nonlinear dynamical systems;Blades;Electronic mail;Torque control;Unmanned aerial vehicles;Tail;Fasteners},
  doi={10.1109/ICSMC.2002.1175550}}

@inproceedings{withrow,
  title={Mars Science Helicopter: Conceptual Design of the Next Generation of Mars Rotorcraft},
  author={Shannah Withrow-Maser and Wayne Johnson and Larry A. Young and Witold J. F. Koning and Winnie Kuang and Carlos A. Malpica and J. Balaram and Theodore Tzanetos},
  year={2020},
  url={https://api.semanticscholar.org/CorpusID:232168057}
}

@article{grip,
  title={Flight Control System for NASA's Mars Helicopter},
  author={H{\aa}vard Fj{\ae}r Grip and Johnny Steven Lam and David S. Bayard and Dylan T. Conway and Gurkirpal Singh and Roland Brockers and Jeff Delaune and Larry H. Matthies and Carlos A. Malpica and Travis Brown and Abhinandan Jain and Alejandro M. San Martin and Gene B. Merewether},
  journal={AIAA Scitech 2019 Forum},
  year={2019},
  url={https://api.semanticscholar.org/CorpusID:86511266}
}


